@article{kedzierska2023assessing,
  title={Assessing the limits of zero-shot foundation models in single-cell biology},
  author={Kedzierska, Kasia Zofia and Crawford, Lorin and Amini, Ava Pardis and Lu, Alex X},
  journal={bioRxiv},
  pages={2023--10},
  year={2023},
  publisher={Cold Spring Harbor Laboratory}
}

@article{recasens2023zorro,
  title={Zorro: the masked multimodal transformer},
  author={Recasens, Adri{\`a} and Lin, Jason and Carreira, Jo{\=a}o and Jaegle, Drew and Wang, Luyu and Alayrac, Jean-baptiste and Luc, Pauline and Miech, Antoine and Smaira, Lucas and Hemsley, Ross and others},
  journal={arXiv preprint arXiv:2301.09595},
  year={2023}
}

@article{liang2022mind,
  title={Mind the gap: Understanding the modality gap in multi-modal contrastive representation learning},
  author={Liang, Victor Weixin and Zhang, Yuhui and Kwon, Yongchan and Yeung, Serena and Zou, James Y},
  journal={Advances in Neural Information Processing Systems},
  volume={35},
  pages={17612--17625},
  year={2022}
}

@article{bardes2021vicreg,
  title={Vicreg: Variance-invariance-covariance regularization for self-supervised learning},
  author={Bardes, Adrien and Ponce, Jean and LeCun, Yann},
  journal={arXiv preprint arXiv:2105.04906},
  year={2021}
}

@article{chai2022deep,
  title={Deep vision multimodal learning: Methodology, benchmark, and trend},
  author={Chai, Wenhao and Wang, Gaoang},
  journal={Applied Sciences},
  volume={12},
  number={13},
  pages={6588},
  year={2022},
  publisher={MDPI}
}

@article{stahlschmidt2022multimodal,
  title={Multimodal deep learning for biomedical data fusion: a review},
  author={Stahlschmidt, S{\"o}ren Richard and Ulfenborg, Benjamin and Synnergren, Jane},
  journal={Briefings in Bioinformatics},
  volume={23},
  number={2},
  pages={bbab569},
  year={2022},
  publisher={Oxford University Press}
}

@inproceedings{shvetsova2022everything,
  title={Everything at once-multi-modal fusion transformer for video retrieval},
  author={Shvetsova, Nina and Chen, Brian and Rouditchenko, Andrew and Thomas, Samuel and Kingsbury, Brian and Feris, Rogerio S and Harwath, David and Glass, James and Kuehne, Hilde},
  booktitle={Proceedings of the ieee/cvf conference on computer vision and pattern recognition},
  pages={20020--20029},
  year={2022}
}

@article{akbari2021vatt,
  title={Vatt: Transformers for multimodal self-supervised learning from raw video, audio and text},
  author={Akbari, Hassan and Yuan, Liangzhe and Qian, Rui and Chuang, Wei-Hong and Chang, Shih-Fu and Cui, Yin and Gong, Boqing},
  journal={Advances in Neural Information Processing Systems},
  volume={34},
  pages={24206--24221},
  year={2021}
}

@article{xu2023multimodal,
  title={Multimodal learning with transformers: A survey},
  author={Xu, Peng and Zhu, Xiatian and Clifton, David A},
  journal={IEEE Transactions on Pattern Analysis and Machine Intelligence},
  year={2023},
  publisher={IEEE}
}

@article{han2023survey,
  title={A survey of transformer-based multimodal pre-trained modals},
  author={Han, Xue and Wang, Yi-Tong and Feng, Jun-Lan and Deng, Chao and Chen, Zhan-Heng and Huang, Yu-An and Su, Hui and Hu, Lun and Hu, Peng-Wei},
  journal={Neurocomputing},
  volume={515},
  pages={89--106},
  year={2023},
  publisher={Elsevier}
}

@article{gao2020survey,
  title={A survey on deep learning for multimodal data fusion},
  author={Gao, Jing and Li, Peng and Chen, Zhikui and Zhang, Jianing},
  journal={Neural Computation},
  volume={32},
  number={5},
  pages={829--864},
  year={2020},
  publisher={MIT Press One Rogers Street, Cambridge, MA 02142-1209, USA journals-info~â€¦}
}

@inproceedings{wen2022graph,
  title={Graph neural networks for multimodal single-cell data integration},
  author={Wen, Hongzhi and Ding, Jiayuan and Jin, Wei and Wang, Yiqi and Xie, Yuying and Tang, Jiliang},
  booktitle={Proceedings of the 28th ACM SIGKDD conference on knowledge discovery and data mining},
  pages={4153--4163},
  year={2022}
}

@article{lance2022multimodal,
  title={Multimodal single cell data integration challenge: results and lessons learned},
  author={Lance, Christopher and Luecken, Malte D and Burkhardt, Daniel B and Cannoodt, Robrecht and Rautenstrauch, Pia and Laddach, Anna and Ubingazhibov, Aidyn and Cao, Zhi-Jie and Deng, Kaiwen and Khan, Sumeer and others},
  journal={BioRxiv},
  pages={2022--04},
  year={2022},
  publisher={Cold Spring Harbor Laboratory}
}

@article{tang2023single,
  title={Single-Cell Multimodal Prediction via Transformers},
  author={Tang, Wenzhuo and Wen, Hongzhi and Liu, Renming and Ding, Jiayuan and Jin, Wei and Xie, Yuying and Liu, Hui and Tang, Jiliang},
  journal={arXiv preprint arXiv:2303.00233},
  year={2023}
}

@article{bardes2022vicregl,
  title={Vicregl: Self-supervised learning of local visual features},
  author={Bardes, Adrien and Ponce, Jean and LeCun, Yann},
  journal={Advances in Neural Information Processing Systems},
  volume={35},
  pages={8799--8810},
  year={2022}
}

@article{han2022self,
  title={Self-supervised contrastive learning for integrative single cell RNA-seq data analysis},
  author={Han, Wenkai and Cheng, Yuqi and Chen, Jiayang and Zhong, Huawen and Hu, Zhihang and Chen, Siyuan and Zong, Licheng and Hong, Liang and Chan, Ting-Fung and King, Irwin and others},
  journal={Briefings in Bioinformatics},
  volume={23},
  number={5},
  pages={bbac377},
  year={2022},
  publisher={Oxford University Press}
}

@article{yang2022contrastive,
  title={Contrastive learning enables rapid mapping to multimodal single-cell atlas of multimillion scale},
  author={Yang, Meng and Yang, Yueyuxiao and Xie, Chenxi and Ni, Ming and Liu, Jian and Yang, Huanming and Mu, Feng and Wang, Jian},
  journal={Nature Machine Intelligence},
  volume={4},
  number={8},
  pages={696--709},
  year={2022},
  publisher={Nature Publishing Group UK London}
}

@inproceedings{cherti2023reproducible,
  title={Reproducible scaling laws for contrastive language-image learning},
  author={Cherti, Mehdi and Beaumont, Romain and Wightman, Ross and Wortsman, Mitchell and Ilharco, Gabriel and Gordon, Cade and Schuhmann, Christoph and Schmidt, Ludwig and Jitsev, Jenia},
  booktitle={Proceedings of the IEEE/CVF Conference on Computer Vision and Pattern Recognition},
  pages={2818--2829},
  year={2023}
}

@article{born2023regression,
  title={Regression Transformer enables concurrent sequence regression and generation for molecular language modelling},
  author={Born, Jannis and Manica, Matteo},
  journal={Nature Machine Intelligence},
  volume={5},
  number={4},
  pages={432--444},
  year={2023},
  publisher={Nature Publishing Group UK London}
}

@article{trapnell2018monocle,
  title={Monocle: Cell counting, differential expression, and trajectory analysis for single-cell RNA-Seq experiments},
  author={Trapnell, Cole and Cacchiarelli, Davide and Qiu, Xiaojie},
  year={2018},
  publisher={Bioconductor}
}

@article{street2018slingshot,
  title={Slingshot: cell lineage and pseudotime inference for single-cell transcriptomics},
  author={Street, Kelly and Risso, Davide and Fletcher, Russell B and Das, Diya and Ngai, John and Yosef, Nir and Purdom, Elizabeth and Dudoit, Sandrine},
  journal={BMC genomics},
  volume={19},
  pages={1--16},
  year={2018},
  publisher={Springer}
}

@article{zhang2023robust,
  title={A robust and accurate single-cell data trajectory inference method using ensemble pseudotime},
  author={Zhang, Yifan and Tran, Duc and Nguyen, Tin and Dascalu, Sergiu M and Harris Jr, Frederick C},
  journal={BMC bioinformatics},
  volume={24},
  number={1},
  pages={55},
  year={2023},
  publisher={Springer}
}

@article{trapnell2014pseudo,
  title={Pseudo-temporal ordering of individual cells reveals dynamics and regulators of cell fate decisions},
  author={Trapnell, Cole and Cacchiarelli, Davide and Grimsby, Jonna and Pokharel, Prapti and Li, Shuqiang and Morse, Michael and Lennon, Niall J and Livak, Kenneth J and Mikkelsen, Tarjei S and Rinn, John L},
  journal={Nature biotechnology},
  volume={32},
  number={4},
  pages={381},
  year={2014},
  publisher={NIH Public Access}
}

@article{bergen2020generalizing,
  title={Generalizing RNA velocity to transient cell states through dynamical modeling},
  author={Bergen, Volker and Lange, Marius and Peidli, Stefan and Wolf, F Alexander and Theis, Fabian J},
  journal={Nature biotechnology},
  volume={38},
  number={12},
  pages={1408--1414},
  year={2020},
  publisher={Nature Publishing Group US New York}
}

@article{van2020trajectory,
  title={Trajectory-based differential expression analysis for single-cell sequencing data},
  author={Van den Berge, Koen and Roux de B{\'e}zieux, Hector and Street, Kelly and Saelens, Wouter and Cannoodt, Robrecht and Saeys, Yvan and Dudoit, Sandrine and Clement, Lieven},
  journal={Nature communications},
  volume={11},
  number={1},
  pages={1201},
  year={2020},
  publisher={Nature Publishing Group UK London}
}

@article{song2021pseudotimede,
  title={PseudotimeDE: inference of differential gene expression along cell pseudotime with well-calibrated p-values from single-cell RNA sequencing data},
  author={Song, Dongyuan and Li, Jingyi Jessica},
  journal={Genome biology},
  volume={22},
  number={1},
  pages={124},
  year={2021},
  publisher={Springer}
}

@article{saelens2019comparison,
  title={A comparison of single-cell trajectory inference methods},
  author={Saelens, Wouter and Cannoodt, Robrecht and Todorov, Helena and Saeys, Yvan},
  journal={Nature biotechnology},
  volume={37},
  number={5},
  pages={547--554},
  year={2019},
  publisher={Nature Publishing Group US New York}
}